
@inbook{walpole,
  title={Probabilidad y estadística para ingeniería y ciencias},
  author={Walpole Ronald and Myers Raymons and Myers Sharon and Ye Keying},
  year={2012},
  publisher={Pearson Educación},
  pages = {165}
}
@inbook{weckerly,
  title={Estadística matemática con aplicaciones},
  author={Weckerly Dennis and Mendenhall William and Scheaffer Richard},
  year={2010},
  publisher={CENGAGE Learning},
  pages = {137--138}
}
@inbook{Marcos,
  title={Probabilidad y estadística: un enfoque teórico-práctico},
  author={Marcos Moya Navarro y Natalia Robles Obando},
  year={2010},
  publisher={Instituto Tecnológico de Costa Rica},
  pages = {186--188}
}
@inbook{ejercicios,
  title={Ejercicios resueltos de inferencia estadística y del modelo lineal simple},
  author={Federico Palacios González},
  year={2004},
  publisher={Delta Publicaciones},
  pages = {5--7}
}
@inbook{ross,
  title={A first course in probability},
  author={Sheldon Ross},
  year={2011},
  publisher={Pearson},
  pages = {228}
}